<record><leader>00000cas a22000007a 4500</leader><controlfield tag="001">11165244</controlfield><controlfield tag="008">840918c19279999wiuwr ne      0   a0eng d</controlfield><datafield ind1=" " ind2=" " tag="010"><subfield code="a">sn 84006990 </subfield></datafield><datafield ind1=" " ind2=" " tag="040"><subfield code="a">NSD</subfield><subfield code="b">eng</subfield><subfield code="c">NSD</subfield><subfield code="d">NPV</subfield><subfield code="d">OCL</subfield><subfield code="d">GUA</subfield><subfield code="d">OCLCQ</subfield></datafield><datafield ind1=" " ind2=" " tag="012"><subfield code="l">1</subfield><subfield code="m">1</subfield></datafield><datafield ind1="1" ind2=" " tag="022"><subfield code="a">0749-7059</subfield><subfield code="l">0749-7059</subfield><subfield code="2">1</subfield></datafield><datafield ind1=" " ind2=" " tag="032"><subfield code="a">301260</subfield><subfield code="b">USPS</subfield></datafield><datafield ind1=" " ind2=" " tag="037"><subfield code="b">Ladysmith News, P.O. Box 189, Ladysmith, WI 54848</subfield></datafield><datafield ind1=" " ind2=" " tag="042"><subfield code="a">nsdp</subfield></datafield><datafield ind1="0" ind2=" " tag="130"><subfield code="a">Ladysmith news (Ladysmith, Wis. : 1927)</subfield></datafield><datafield ind1=" " ind2="0" tag="222"><subfield code="a">Ladysmith news</subfield></datafield><datafield ind1="0" ind2="0" tag="245"><subfield code="a">Ladysmith news.</subfield></datafield><datafield ind1=" " ind2=" " tag="260"><subfield code="a">Ladysmith, Rusk County, Wis. :</subfield><subfield code="b">[M.R. Bell],</subfield><subfield code="c">1927-</subfield></datafield><datafield ind1=" " ind2=" " tag="300"><subfield code="a">v. :</subfield><subfield code="b">ill.</subfield></datafield><datafield ind1=" " ind2=" " tag="310"><subfield code="a">Weekly</subfield></datafield><datafield ind1="0" ind2=" " tag="362"><subfield code="a">33rd year, no. 1 (Apr. 15, 1927)-</subfield></datafield><datafield ind1=" " ind2=" " tag="530"><subfield code="a">Available on microfilm from The State Historical Society of Wisconsin.</subfield></datafield><datafield ind1=" " ind2=" " tag="500"><subfield code="a">E.W. Richardson, Feb. 27, 1931-Jan. 31, 1941.--M.R. Bell, Mar. 7, 1941-1951.</subfield></datafield><datafield ind1=" " ind2=" " tag="752"><subfield code="a">United States</subfield><subfield code="b">Wisconsin</subfield><subfield code="c">Rusk</subfield><subfield code="d">Ladysmith.</subfield></datafield><datafield ind1="0" ind2="0" tag="780"><subfield code="t">Ladysmith news-budget and Rusk county journal</subfield><subfield code="w">(DLC)sn 85040246</subfield></datafield><datafield ind1=" " ind2=" " tag="936"><subfield code="a">July 19, 1984</subfield></datafield></record>